% This file was created with JabRef 2.10.
% Encoding: UTF-8


@Article{beazley1997swig,
  Title                    = {SWIG users manual (version 1.1)},
  Author                   = {Beazley, David and others},
  Year                     = {1997},

  Publisher                = {University of Utah}
}

@Article{mansolino2013robot,
  Title                    = {Mobile Robot modeling, Simulation and Programming},
  Author                   = {Mansolino David},
  Year                     = {2013},

  Owner                    = {arssivka},
  Timestamp                = {2015.06.16}
}

@InProceedings{ha2011development,
  Title                    = {Development of open humanoid platform DARwIn-OP},
  Author                   = {Ha, Inyong and Tamura, Yusuke and Asama, Hajime and Han, Jeakweon and Hong, Dennis W},
  Booktitle                = {SICE Annual Conference (SICE), 2011 Proceedings of},
  Year                     = {2011},
  Organization             = {IEEE},
  Pages                    = {2178--2181}
}

@Book{fabien2013webots,
  Title                    = {DARwIn-OP with Webots User Guide (release 1.0.0)},
  Author                   = {Fabien Rohrer and David Mansolino},
  Year                     = {2013},

  Owner                    = {arssivka},
  Timestamp                = {2015.06.16}
}

@Book{spong2008robot,
  Title                    = {Robot dynamics and control},
  Author                   = {Spong, Mark W and Vidyasagar, Mathukumalli},
  Publisher                = {John Wiley \& Sons},
  Year                     = {2008}
}

@Book{stallman1992gdb,
  Title                    = {The GDB Manual: The GNU Source-level Debugger},
  Author                   = {Stallman, Richard and Pesch, Roland H},
  Publisher                = {Free Software Foundation},
  Year                     = {1992}
}

@Article{stallman2006gnu,
  Title                    = {GNU make manual},
  Author                   = {Stallman, Richard M and McGrath, Roland and Smith, Paul D},
  Journal                  = {Free Software Foundation},
  Year                     = {2006},
  Volume                   = {3}
}

@InProceedings{williams2012darwin,
  Title                    = {DARwIn-OP humanoid robot kinematics},
  Author                   = {Williams, Robert L},
  Booktitle                = {ASME 2012 International Design Engineering Technical Conferences and Computers and Information in Engineering Conference},
  Year                     = {2012},
  Organization             = {American Society of Mechanical Engineers},
  Pages                    = {1187--1196}
}

@Misc{urlalmotion,
  Title                    = {ALMotion API},
  HowPublished             = {\url{http://doc.aldebaran.com/2-1/naoqi/motion/almotion-api.html\#ALMotionProxy}},
  Note                     = {Обращение к ресурсу: 01.06.2015}
}

@Misc{urldarwinopemanual,
  Title                    = {DARwIn-OP - ROBOTIS e-MANUAL},
  HowPublished             = {\url{http://support.robotis.com/en/product/darwin-op.htm}},
  Note                     = {Обращение к ресурсу: 01.06.2015}
}

